<?xml version="1.0" encoding="UTF-8"?><collection xmlns="http://www.loc.gov/MARC21/slim"><record><leader>00486nam--2200181-i-4500</leader><controlfield tag="001">000020046</controlfield><controlfield tag="002">20161230</controlfield><controlfield tag="005">20161230201033</controlfield><controlfield tag="008">060222s1000------------r-----000-0-fre-d</controlfield><datafield ind1=" " ind2=" " tag="040"><subfield code="a">IFIN-HH</subfield></datafield><datafield ind1=" " ind2=" " tag="041"><subfield code="a">fre</subfield></datafield><datafield ind1=" " ind2=" " tag="080"><subfield code="a">53.084:537(043)</subfield></datafield><datafield ind1="1" ind2=" " tag="100"><subfield code="a">Ferdinand,Pierre</subfield></datafield><datafield ind1="1" ind2="0" tag="245"><subfield code="a">Realisation d un amperemetre a fibre optique</subfield><subfield code="b">These</subfield><subfield code="c">Pierre ferdinand</subfield></datafield><datafield ind1=" " ind2=" " tag="260"><subfield code="a">Orsay</subfield><subfield code="b">Universite De Paris-sud</subfield><subfield code="c">1982</subfield></datafield><datafield ind1=" " ind2=" " tag="300"><subfield code="a">235 P</subfield></datafield><datafield ind1=" " ind2=" " tag="852"><subfield code="a">71061</subfield><subfield code="c">53.08</subfield></datafield><datafield ind1=" " ind2=" " tag="CAT"><subfield code="a">Sys</subfield><subfield code="c">20151029</subfield><subfield code="h">125845</subfield></datafield></record></collection>